<record><leader>00000cas a2200000 a 4500</leader><controlfield tag="001">11305536</controlfield><controlfield tag="008">841024d18931896couwr ne      0    0eng d</controlfield><datafield ind1=" " ind2=" " tag="010"><subfield code="a">sn 91052061 </subfield></datafield><datafield ind1=" " ind2=" " tag="040"><subfield code="a">COG</subfield><subfield code="b">eng</subfield><subfield code="c">COG</subfield><subfield code="d">CNQ</subfield><subfield code="d">OCL</subfield><subfield code="d">OCLCQ</subfield></datafield><datafield ind1=" " ind2=" " tag="042"><subfield code="a">msc</subfield></datafield><datafield ind1="0" ind2=" " tag="130"><subfield code="a">Ledger (Glenwood Springs, Colo.)</subfield></datafield><datafield ind1="1" ind2="4" tag="245"><subfield code="a">The ledger.</subfield></datafield><datafield ind1="1" ind2="3" tag="246"><subfield code="a">Semi-weekly ledger</subfield></datafield><datafield ind1="3" ind2="0" tag="246"><subfield code="a">Glenwood Springs ledger</subfield></datafield><datafield ind1=" " ind2=" " tag="260"><subfield code="a">Glenwood Springs, Colo. :</subfield><subfield code="b">Ledger Co.</subfield></datafield><datafield ind1=" " ind2=" " tag="300"><subfield code="a">v.</subfield></datafield><datafield ind1=" " ind2=" " tag="310"><subfield code="a">Weekly,</subfield><subfield code="b">&lt;1895&gt;-Mar. 28, 1896</subfield></datafield><datafield ind1=" " ind2=" " tag="321"><subfield code="a">Semiweekly,</subfield><subfield code="b">June 4, 1893-&lt;1895&gt;</subfield></datafield><datafield ind1="0" ind2=" " tag="362"><subfield code="a">Vol. 1, no. 27 (June 4, 1893)-v. 5, no. 28 (Mar. 28, 1896).</subfield></datafield><datafield ind1=" " ind2=" " tag="500"><subfield code="a">Published as: The Glenwood Springs ledger, July 12, 1893-Oct. 8, 1893.</subfield></datafield><datafield ind1=" " ind2=" " tag="530"><subfield code="a">Available on microfilm from the Colorado Historical Society.</subfield></datafield><datafield ind1=" " ind2=" " tag="752"><subfield code="a">United States</subfield><subfield code="b">Colorado</subfield><subfield code="c">Garfield</subfield><subfield code="d">Glenwood Springs.</subfield></datafield><datafield ind1="0" ind2="0" tag="780"><subfield code="t">Weekly ledger (Glenwood Springs, Colo. : 1892)</subfield><subfield code="w">(DLC)sn 91052131</subfield></datafield><datafield ind1="0" ind2="0" tag="785"><subfield code="t">Weekly ledger (Glenwood Springs, Colo. : 1896)</subfield><subfield code="w">(DLC)sn 91052062</subfield></datafield></record>